@BOOK{Stroustrup201305,
    title={The C++ Programming Language, 4th Edition},
    author={Bjarne Stroustrup},
    publisher={Addison-Wesley Professional},
    year={2013},
    month={5},
    edition={4},
    isbn={9780321563842},
    url={http://amazon.com/o/ASIN/0321563840/},
    price={$79.99},
    totalpages={1368},
    timestamp={2015.05.01},
}
@BOOK{Meyers201412,
    title={Effective Modern C++: 42 Specific Ways to Improve Your Use of C++11 and C++14},
    author={Scott Meyers},
    publisher={O'Reilly Media},
    year={2014},
    month={12},
    edition={1},
    isbn={9781491903995},
    url={http://amazon.com/o/ASIN/1491903996/},
    price={$49.99},
    totalpages={336},
    timestamp={2015.05.01},
}
@BOOK{Stroustrup199404,
    title={The Design and Evolution of C++},
    author={Bjarne Stroustrup},
    publisher={Addison-Wesley Professional},
    year={1994},
    month={4},
    edition={1},
    isbn={9780201543308},
    url={http://amazon.com/o/ASIN/0201543303/},
    price={$69.99},
    totalpages={480},
    timestamp={2015.05.01},
}